<marcxml:record xmlns:marcxml="http://www.loc.gov/MARC21/slim" xmlns:mets="http://www.loc.gov/METS/" xmlns:bf="http://id.loc.gov/ontologies/bibframe/" xmlns:bflc="http://id.loc.gov/ontologies/bflc/" xmlns:madsrdf="http://www.loc.gov/mads/rdf/v1#" xmlns:rdf="http://www.w3.org/1999/02/22-rdf-syntax-ns#" xmlns:ri="http://id.loc.gov/ontologies/RecordInfo#" xmlns:idx="info:lc/xq-modules/lcindex" xmlns:semtriples="http://marklogic.com/semantic" xmlns:xsi="http://www.w3.org/2001/XMLSchema-instance" xmlns:xlink="http://www.w3.org/1999/xlink" xmlns:streams="info:lc/streams#">
  <marcxml:leader>02181cam a22003734a 4500</marcxml:leader>
  <marcxml:controlfield tag="001">16990998</marcxml:controlfield>
  <marcxml:controlfield tag="005">20120327165620.0</marcxml:controlfield>
  <marcxml:controlfield tag="008">111006s2012    nyua     b    001 0 eng  </marcxml:controlfield>
  <marcxml:datafield tag="906" ind1=" " ind2=" ">
    <marcxml:subfield code="a">7</marcxml:subfield>
    <marcxml:subfield code="b">cbc</marcxml:subfield>
    <marcxml:subfield code="c">orignew</marcxml:subfield>
    <marcxml:subfield code="d">1</marcxml:subfield>
    <marcxml:subfield code="e">ecip</marcxml:subfield>
    <marcxml:subfield code="f">20</marcxml:subfield>
    <marcxml:subfield code="g">y-gencatlg</marcxml:subfield>
  </marcxml:datafield>
  <marcxml:datafield tag="925" ind1="0" ind2=" ">
    <marcxml:subfield code="a">acquire</marcxml:subfield>
    <marcxml:subfield code="b">2 shelf copies</marcxml:subfield>
    <marcxml:subfield code="x">policy default</marcxml:subfield>
  </marcxml:datafield>
  <marcxml:datafield tag="955" ind1=" " ind2=" ">
    <marcxml:subfield code="b">xj15 2011-10-06</marcxml:subfield>
    <marcxml:subfield code="i">xj15 2011-10-06 (telework)</marcxml:subfield>
    <marcxml:subfield code="a">xj15 2011-10-06 to Dewey</marcxml:subfield>
    <marcxml:subfield code="w">rd03 2011-10-11;</marcxml:subfield>
    <marcxml:subfield code="a">rg06 2012-03-14 1 copy rec'd, to CIP ver.</marcxml:subfield>
    <marcxml:subfield code="f">rg06 2012-03-14 Z-CipVer to CALM</marcxml:subfield>
    <marcxml:subfield code="t">rg06 2012-03-27 copy 2-3 to CALM</marcxml:subfield>
  </marcxml:datafield>
  <marcxml:datafield tag="010" ind1=" " ind2=" ">
    <marcxml:subfield code="a">  2011041675</marcxml:subfield>
  </marcxml:datafield>
  <marcxml:datafield tag="016" ind1="7" ind2=" ">
    <marcxml:subfield code="a">015990980</marcxml:subfield>
    <marcxml:subfield code="2">Uk</marcxml:subfield>
  </marcxml:datafield>
  <marcxml:datafield tag="020" ind1=" " ind2=" ">
    <marcxml:subfield code="a">9780393076479 (hbk.)</marcxml:subfield>
  </marcxml:datafield>
  <marcxml:datafield tag="020" ind1=" " ind2=" ">
    <marcxml:subfield code="a">0393076474 (hbk.)</marcxml:subfield>
  </marcxml:datafield>
  <marcxml:datafield tag="035" ind1=" " ind2=" ">
    <marcxml:subfield code="a">(OCoLC)ocn738350037</marcxml:subfield>
  </marcxml:datafield>
  <marcxml:datafield tag="040" ind1=" " ind2=" ">
    <marcxml:subfield code="a">DLC</marcxml:subfield>
    <marcxml:subfield code="c">DLC</marcxml:subfield>
    <marcxml:subfield code="d">YDX</marcxml:subfield>
    <marcxml:subfield code="d">BTCTA</marcxml:subfield>
    <marcxml:subfield code="d">YDXCP</marcxml:subfield>
    <marcxml:subfield code="d">UKMGB</marcxml:subfield>
    <marcxml:subfield code="d">GDC</marcxml:subfield>
    <marcxml:subfield code="d">NYP</marcxml:subfield>
    <marcxml:subfield code="d">MOF</marcxml:subfield>
    <marcxml:subfield code="d">VP@</marcxml:subfield>
    <marcxml:subfield code="d">BWX</marcxml:subfield>
    <marcxml:subfield code="d">BDX</marcxml:subfield>
    <marcxml:subfield code="d">MMU</marcxml:subfield>
    <marcxml:subfield code="d">DLC</marcxml:subfield>
  </marcxml:datafield>
  <marcxml:datafield tag="042" ind1=" " ind2=" ">
    <marcxml:subfield code="a">pcc</marcxml:subfield>
  </marcxml:datafield>
  <marcxml:datafield tag="050" ind1="0" ind2="0">
    <marcxml:subfield code="a">BF575.A886</marcxml:subfield>
    <marcxml:subfield code="b">H47 2012</marcxml:subfield>
  </marcxml:datafield>
  <marcxml:datafield tag="082" ind1="0" ind2="0">
    <marcxml:subfield code="a">152.4</marcxml:subfield>
    <marcxml:subfield code="2">23</marcxml:subfield>
  </marcxml:datafield>
  <marcxml:datafield tag="100" ind1="1" ind2=" ">
    <marcxml:subfield code="a">Herz, Rachel,</marcxml:subfield>
    <marcxml:subfield code="d">1963-</marcxml:subfield>
  </marcxml:datafield>
  <marcxml:datafield tag="245" ind1="1" ind2="0">
    <marcxml:subfield code="a">That's disgusting :</marcxml:subfield>
    <marcxml:subfield code="b">unraveling the mysteries of repulsion /</marcxml:subfield>
    <marcxml:subfield code="c">Rachel Herz.</marcxml:subfield>
  </marcxml:datafield>
  <marcxml:datafield tag="250" ind1=" " ind2=" ">
    <marcxml:subfield code="a">1st ed.</marcxml:subfield>
  </marcxml:datafield>
  <marcxml:datafield tag="260" ind1=" " ind2=" ">
    <marcxml:subfield code="a">New York :</marcxml:subfield>
    <marcxml:subfield code="b">W.W. Norton &amp; Co.,</marcxml:subfield>
    <marcxml:subfield code="c">c2012.</marcxml:subfield>
  </marcxml:datafield>
  <marcxml:datafield tag="300" ind1=" " ind2=" ">
    <marcxml:subfield code="a">xii, 274 p. :</marcxml:subfield>
    <marcxml:subfield code="b">ill. ;</marcxml:subfield>
    <marcxml:subfield code="c">25 cm.</marcxml:subfield>
  </marcxml:datafield>
  <marcxml:datafield tag="504" ind1=" " ind2=" ">
    <marcxml:subfield code="a">Includes bibliographical references and index.</marcxml:subfield>
  </marcxml:datafield>
  <marcxml:datafield tag="505" ind1="0" ind2=" ">
    <marcxml:subfield code="a">Let's eat -- Snapshot of disgust -- Disgust on the brain -- Germ warfare -- Disgust is other people -- Horror show -- Lust and disgust -- Law and order -- Disgust lessons.</marcxml:subfield>
  </marcxml:datafield>
  <marcxml:datafield tag="520" ind1=" " ind2=" ">
    <marcxml:subfield code="a">Disgust originated to prevent humans from eating poisonous food, but this simple safety mechanism has since evolved into a uniquely human emotion that dictates how people treat others, shapes cultural norms, and even has implications for mental and physical health. This book illuminates the science behind disgust, tackling such colorful topics as cannibalism, humor, and pornography to address larger questions including why sources of disgust vary among people and societies and how disgust influences individual personalities, daily lives, and values. It turns out that disgust underlies more than we realize, from political ideologies to the lure of horror movies.</marcxml:subfield>
  </marcxml:datafield>
  <marcxml:datafield tag="650" ind1=" " ind2="0">
    <marcxml:subfield code="a">Aversion.</marcxml:subfield>
  </marcxml:datafield>
  <marcxml:datafield tag="650" ind1="1" ind2="2">
    <marcxml:subfield code="a">Emotions</marcxml:subfield>
    <marcxml:subfield code="x">physiology.</marcxml:subfield>
  </marcxml:datafield>
  <marcxml:datafield tag="650" ind1="2" ind2="2">
    <marcxml:subfield code="a">Brain</marcxml:subfield>
    <marcxml:subfield code="x">physiology.</marcxml:subfield>
  </marcxml:datafield>
  <marcxml:datafield tag="650" ind1="2" ind2="2">
    <marcxml:subfield code="a">Culture.</marcxml:subfield>
  </marcxml:datafield>
  <marcxml:datafield tag="650" ind1="2" ind2="2">
    <marcxml:subfield code="a">Psychology, Social.</marcxml:subfield>
  </marcxml:datafield>
  <marcxml:datafield tag="650" ind1="2" ind2="2">
    <marcxml:subfield code="a">Psychophysiology.</marcxml:subfield>
  </marcxml:datafield>
</marcxml:record>
